<?xml version="1.0" encoding="UTF-8"?><collection xmlns="http://www.loc.gov/MARC21/slim"><record><leader>00463nam--2200169-u-4500</leader><controlfield tag="001">000054147</controlfield><controlfield tag="002">20161230</controlfield><controlfield tag="005">20161230201051</controlfield><controlfield tag="008">110902s1000------------r-----000-0-eng-d</controlfield><datafield ind1=" " ind2=" " tag="040"><subfield code="a">IFIN-HH</subfield></datafield><datafield ind1=" " ind2=" " tag="080"><subfield code="a">53.533.35:621.385.833</subfield></datafield><datafield ind1="1" ind2=" " tag="100"><subfield code="a">Cosslett, V. E</subfield></datafield><datafield ind1="1" ind2="0" tag="245"><subfield code="a">Practical electron microscopy</subfield><subfield code="c">V.e. cosslett</subfield></datafield><datafield ind1=" " ind2=" " tag="260"><subfield code="a">London</subfield><subfield code="b">Butterworths Scientific Publications</subfield><subfield code="c">1951</subfield></datafield><datafield ind1=" " ind2=" " tag="300"><subfield code="a">299P</subfield></datafield><datafield ind1=" " ind2=" " tag="852"><subfield code="a">10001</subfield><subfield code="c">537.533.35</subfield></datafield><datafield ind1=" " ind2=" " tag="CAT"><subfield code="a">Sys</subfield><subfield code="c">20110902</subfield><subfield code="h">085458</subfield></datafield></record></collection>